<collection xmlns="http://www.loc.gov/MARC21/slim"><record><leader>00690nam  2200205   450</leader><controlfield tag="001">975</controlfield><controlfield tag="003">http://montalegre.opacnet.com/OPAC/default.aspx?ContentAreaControl=ShowRegHoldings.ascx&amp;RegNo=16662</controlfield><controlfield tag="005">20</controlfield><datafield tag="100" ind1=" " ind2=" "><subfield code="a">20061013e19891965m  y0pory0103    ba</subfield></datafield><datafield tag="101" ind1="1" ind2=" "><subfield code="a">por</subfield><subfield code="c">eng</subfield></datafield><datafield tag="102" ind1=" " ind2=" "><subfield code="a">PT</subfield></datafield><datafield tag="200" ind1="1" ind2=" "><subfield code="a">&lt;A &gt;estrela de Belém</subfield><subfield code="e">contos de Natal</subfield><subfield code="f">Agatha Christie Mallowan</subfield><subfield code="g">trad. de João Costa</subfield></datafield><datafield tag="210" ind1=" " ind2=" "><subfield code="a">Lisboa</subfield><subfield code="c">Livros do Brasil</subfield><subfield code="d">1989</subfield></datafield><datafield tag="215" ind1=" " ind2=" "><subfield code="a">154 p.</subfield><subfield code="d">19 cm</subfield></datafield><datafield tag="304" ind1=" " ind2=" "><subfield code="a">Tit. orig. Star over Bethlehem</subfield></datafield><datafield tag="675" ind1=" " ind2=" "><subfield code="a">82-34</subfield></datafield><datafield tag="700" ind1=" " ind2="1"><subfield code="a">Christie</subfield><subfield code="b">Agatha</subfield><subfield code="f">1890-1976</subfield></datafield><datafield tag="702" ind1=" " ind2="1"><subfield code="a">Costa</subfield><subfield code="b">João</subfield><subfield code="4">730</subfield></datafield><datafield tag="801" ind1=" " ind2="0"><subfield code="a">PT</subfield><subfield code="b">Biblioteca Municipal de Montalegre</subfield><subfield code="g">RPC</subfield></datafield><datafield tag="856" ind1=" " ind2=" "><subfield code="u">locateMedia.asp?cod=20060704162305&amp;ext=jpg</subfield><subfield code="z">CAPA</subfield></datafield><datafield tag="909" ind1="&#9;" ind2=" "><subfield code="a">1</subfield></datafield><datafield tag="966" ind1=" " ind2=" "><subfield code="a">0009205</subfield><subfield code="l">BMM</subfield><subfield code="s">SCG 82-34 MAL est</subfield></datafield></record></collection>